<?xml version="1.0" encoding="UTF-8"?><collection xmlns="http://www.loc.gov/MARC21/slim"><record><leader>00592nam--2200181-i-4500</leader><controlfield tag="001">000010042</controlfield><controlfield tag="002">20161230</controlfield><controlfield tag="005">20161230201028</controlfield><controlfield tag="008">060222s1000------------r-----000-0-eng-d</controlfield><datafield ind1=" " ind2=" " tag="040"><subfield code="a">IFIN-HH</subfield></datafield><datafield ind1=" " ind2=" " tag="080"><subfield code="a">539.171.018</subfield></datafield><datafield ind1="1" ind2=" " tag="100"><subfield code="a">Barschall, H.H./S.A.</subfield></datafield><datafield ind1="1" ind2="0" tag="245"><subfield code="a">Polarization phenomena in nuclear reactions</subfield><subfield code="b">Proceedings of the third international symposium, madison, 1970</subfield><subfield code="c">H.h. barschall, w. haeberli (eds.)</subfield></datafield><datafield ind1=" " ind2=" " tag="260"><subfield code="a">Madison</subfield><subfield code="b">The University Of Wisconsin Press</subfield><subfield code="c">1971</subfield></datafield><datafield ind1=" " ind2=" " tag="300"><subfield code="a">XXX + 930 P</subfield></datafield><datafield ind1="1" ind2=" " tag="700"><subfield code="a">Haeberli, W</subfield><subfield code="e">Ed</subfield></datafield><datafield ind1=" " ind2=" " tag="852"><subfield code="a">36302</subfield><subfield code="c">539.17</subfield></datafield><datafield ind1=" " ind2=" " tag="CAT"><subfield code="a">Sys</subfield><subfield code="c">20120607</subfield><subfield code="h">161032</subfield></datafield></record></collection>